@article{lee2009trends,
  title={Trends in intergenerational income mobility},
  author={Lee, Chul-In and Solon, Gary},
  journal={The Review of Economics and Statistics},
  volume={91},
  number={4},
  pages={766--772},
  year={2009},
  publisher={MIT Press}
}